@misc{minc1988nonnegative,
  title={Nonnegative Matrices},
  author={Minc,~H.},
  year={1988},
  publisher={Wiley-Interscience Series in Discrete Mathematics and Optimization}
}
@book{bapat2010graphs,
  title={Graphs and matrices},
  author={Bapat,~R.~B.},
  volume={27},
  year={2010},
  publisher={Springer}
}
@book{berman1994nonnegative,
  title={Nonnegative matrices in the mathematical sciences},
  author={Berman,~A. and Plemmons,~R.~J.},
  year={1994},
  publisher={SIAM}
}
@book{brouwer2011spectra,
  title={Spectra of graphs},
  author={Brouwer,~A.~E. and Haemers,~W.~H.},
  year={2011},
  publisher={Springer Science \& Business Media}
}